
@book{zivianiprojeto,
  title={PROJETO DE ALGORITMOS: COM IMPLEMENTA{\c{C}}OES EM PASCAL E C},
  author={ZIVIANI, N.},
  isbn={9788522110506},
  url={https://books.google.com.br/books?id=kZ-kcQAACAAJ},
  publisher={CENGAGE}
}

@book {Dijkstra1959,
  doi = {10.1007/bf01386390},
  url = {http://dx.doi.org/10.1007/BF01386390},
  year  = {1959},
  month = {dec},
  publisher = {Springer Nature},
  volume = {1},
  number = {1},
  pages = {269--271},
  author = {E. W. Dijkstra},
  title = {A note on two problems in connexion with graphs},
  journal = {Numerische Mathematik}
}
@online {bellmandford,
    author = "Kleinberg, Jon and Tardos, Eva",
    title  = "Shortest Paths with Dynamic Programming: Bellman-Ford Algorithm",
    year   = "2013",
    url    = "http://test.scripts.psu.edu/users/d/j/djh300/cmpsc465/notes-4985903869437/notes-5d-bellman-ford-incomplete.pdf"
}

@book {bellmand,
    author = "Blum, Avrim",
    title  = "Lecture 11 - Dynamic Programming",
    year   = "2012",
    url    = "http://www.cs.cmu.edu/~avrim/451f12/lectures/lect1002.pdf"
}
@Book{cormen,
  author = 	 {Cormen, T.H; Leiserson, C.E; Rivest, R.L and Stein, C},
  title = 	 {Algoritmos},
  booktitle = {Teoria e Pr√°tica},
  publisher =    {Editora Campus},
  year = 	 {2002},
  edition = 	 {2th}
}


